

@article{mclber20,
	Author = {Anna McLoon and Sarah K. Berke},
	Date-Added = {2020-08-16 21:06:20 -0400},
	Date-Modified = {2020-08-16 21:08:54 -0400},
	Journal = {Inside Higher Ed},
	Note = {Published online at \url{https://www.insidehighered.com/views/2020/08/03/lessons-college-has-practiced-having-socially-distant-classes-opinion}},
	Title = {A Dry Run at a Socially Distanced Classroom},
	Year = {2020}}

@misc{jstrack,
	Author = {Luca Demian },
	Date-Added = {2020-08-16 18:54:01 -0400},
	Date-Modified = {2020-08-16 18:56:48 -0400},
	Howpublished = {\url{https://jst.lucademian.com/info/}},
	Note = {{Referenced} 2020-08-16},
	Title = {Motion Tracking Made Simple}}

@misc{glowscript,
	Author = {Ruth Chabay and David Scherer and Bruce Sherwood},
	Date-Added = {2020-08-16 15:07:47 -0400},
	Date-Modified = {2020-08-16 15:26:34 -0400},
	Howpublished = {\url{https://www.glowscript.org}},
	Lastchecked = {2020-08-16},
	Note = {{Referenced} 2020-08-16},
	Title = {Glowscript.org},
	Url = {https://www.glowscript.org}}

@unpublished{bro2009,
	Author = {Douglas Brown},
	Date-Added = {2020-08-16 14:18:57 -0400},
	Date-Modified = {2020-08-16 15:25:49 -0400},
	Howpublished = {\url{https://physlets.org/tracker/download/AAPT_video_modeling_2009.pdf}},
	Note = {{American Association of Physics Teachers 2009 Summer Meeting}. Available at \url{https://physlets.org/tracker/download/AAPT_video_modeling_2009.pdf}},
	Title = {Video Modeling with Tracker},
	Url = {https://physlets.org/tracker/download/AAPT_video_modeling_2009.pdf},
	Year = {2009},
	Bdsk-Url-1 = {https://physlets.org/tracker/download/AAPT_video_modeling_2009.pdf}}

@article{schrasetal12,
	Author = {Schneider, Caroline A and Rasband, Wayne S and Eliceiri, Kevin W},
	Date-Added = {2020-08-16 08:41:09 -0400},
	Date-Modified = {2020-08-16 08:45:05 -0400},
	Journal = {Nature Methods},
	Number = {7},
	Pages = {671--675},
	Publisher = {Nature Publishing Group},
	Title = {{NIH} {Image} to {ImageJ}: 25 years of image analysis},
	Volume = {9},
	Year = {2012}}
