@FOOTNOTE{Note1,key="Note1",note="Because we want our fit values to have uncertainties, we have our students install the \protect \textit  {Data Analysis Toolpack} if they are using Excel."}
@CONTROL{REVTEX42Control}
@CONTROL{aip41Control,pages="1",title="0"}
