

@techreport{ECUcovidSurveyRedacted,
	Author = {Edwards, Bob, and Francia, Peter L.\ and Van Willigen, Marieke},
	Date-Added = {2020-08-27 17:20:10 -0400},
	Date-Modified = {2020-08-27 17:24:21 -0400},
	Institution = {Regional State University Center for Survey Research},
	Month = {August},
	Title = {\emph{Regional State University} {Covid-19} Impact Survey: Reopening Impacts on Students and Student Adherence to Pandemic Protective Practices.},
	Year = {2020},
	Bdsk-Url-1 = {https://surveyresearch.ecu.edu/wp-content/pv-uploads/sites/315/2018/06/ECU-Covid-19-Impact-Survey-Report-Students-FINAL-version-8.24.2020.pdf}}

@techreport{ECUcovidSurvey,
	Author = {Edwards, Bob, and Francia, Peter L.\ and Van Willigen, Marieke},
	Date-Added = {August 24, 2020},
	Date-Modified = {2020-08-27 17:24:44 -0400},
	Institution = {ECU Center for Survey Research},
	Month = {August},
	Title = {{ECU Covid-19} Impact Survey: Reopening Impacts on Students and Student Adherence to Pandemic Protective Practices.},
	Url = {https://surveyresearch.ecu.edu/wp-content/pv-uploads/sites/315/2018/06/ECU-Covid-19-Impact-Survey-Report-Students-FINAL-version-8.24.2020.pdf},
	Year = {2020},
	Bdsk-Url-1 = {https://surveyresearch.ecu.edu/wp-content/pv-uploads/sites/315/2018/06/ECU-Covid-19-Impact-Survey-Report-Students-FINAL-version-8.24.2020.pdf}}

@article{kozminski2014aapt,
	Author = {Kozminski, Joseph and Lewandowski, Heather and Beverly, Nancy and Lindaas, Steve and Deardorff, Duane and Reagan, Ann and Dietz, Richard and Tagg, Randy and Williams, Jeremiah and Hobbs, Robert and others},
	Journal = {American Association of Physics Teachers},
	Title = {AAPT recommendations for the undergraduate physics laboratory curriculum},
	Volume = {29},
	Year = {2014}}

@misc{SmithJoyner2020,
	Author = {Smith-Joyner, Annalisa and Walker, Joi Phelps},
	Howpublished = {personal communication}}

@article{Walker2019,
	Author = {Walker, Joi Phelps and Van Duzor, Andrea Gay and Lower, Meghan A.},
	Doi = {10.1021/acs.jchemed.8b00745},
	Eprint = {https://doi.org/10.1021/acs.jchemed.8b00745},
	Journal = {Journal of Chemical Education},
	Number = {3},
	Pages = {435-444},
	Title = {Facilitating Argumentation in the Laboratory: The Challenges of Claim Change and Justification by Theory},
	Url = {https://doi.org/10.1021/acs.jchemed.8b00745},
	Volume = {96},
	Year = {2019},
	Bdsk-Url-1 = {https://doi.org/10.1021/acs.jchemed.8b00745}}

@inproceedings{Wolf2019,
  Address =	 {Provo, UT},
  Author =	 {Steven F.\ Wolf and Mark W.\ Sprague and Feng Li and Annalisa Smith-Joyner
                  and Joi P.\ Walker},
  Booktitle =	 {Physics Education Research Conference 2019},
  Month =	 {July 24-25},
  Pages =	 {657-663},
  Series =	 {PER Conference},
  Title =	 {Introductory physics laboratory practical exam development: Investigation
                  design, explanation, and argument},
  Year =	 {2019}
}

@misc{Wolf2019mask,
  author =	 "{First Author, et.al.}",
  note =	 "Details redacted for review",
  Year =	 {2019}
}

@article{Walker2016,
	Author = {Walker, J.\ P.\ and Sampson, V.\ and Southerland, S.\ and Enderle, P.\ J.},
	Doi = {10.1039/C6RP00093B},
	Issue = {4},
	Journal = {Chem. Educ. Res. Pract.},
	Pages = {1098-1113},
	Publisher = {The Royal Society of Chemistry},
	Title = {Using the laboratory to engage all students in science practices},
	Url = {http://dx.doi.org/10.1039/C6RP00093B},
	Volume = {17},
	Year = {2016},
	Bdsk-Url-1 = {http://dx.doi.org/10.1039/C6RP00093B}}

@article{Walker2011,
	Author = {Walker, Joi Phelps and Sampson, Victor and Zimmerman, Carol O.},
	Doi = {10.1021/ed100622h},
	Eprint = {https://doi.org/10.1021/ed100622h},
	Journal = {Journal of Chemical Education},
	Number = {8},
	Pages = {1048-1056},
	Title = {Argument-Driven Inquiry: An Introduction to a New Instructional Model for Use in Undergraduate Chemistry Labs},
	Url = {https://doi.org/10.1021/ed100622h},
	Volume = {88},
	Year = {2011},
	Bdsk-Url-1 = {https://doi.org/10.1021/ed100622h}}

@article{Sampson2011,
	Author = {Sampson, Victor and Grooms, Jonathon and Walker, Joi Phelps},
	Doi = {10.1002/sce.20421},
	Eprint = {https://onlinelibrary.wiley.com/doi/pdf/10.1002/sce.20421},
	Journal = {Science Education},
	Number = {2},
	Pages = {217-257},
	Title = {Argument-Driven Inquiry as a way to help students learn how to participate in scientific argumentation and craft written arguments: An exploratory study},
	Url = {https://onlinelibrary.wiley.com/doi/abs/10.1002/sce.20421},
	Volume = {95},
	Year = {2011},
	Bdsk-Url-1 = {https://onlinelibrary.wiley.com/doi/abs/10.1002/sce.20421},
	Bdsk-Url-2 = {https://doi.org/10.1002/sce.20421}}

@book{DBERreport,
	Author = {Singer, Susan R and Nielsen, Natalie R and Schweingruber, Heidi A},
	Publisher = {National Academies Press},
	Title = {{Discipline-based education research: Understanding and improving learning in undergraduate science and engineering}},
	Year = {2012}}

@techreport{PCAST12,
	Author = {{President's Council of Advisors on Science and Technology}},
	Institution = {Executive Office of the President},
	Title = {{Engage to Excel: Producing One Million Additional College Graduates with Degrees in Science, Technology, Engineering, and Mathematics. Report to the President.}},
	Year = {2012}}

@book{national2007Rising,
	Author = {{Committee on Prospering in the Global Economy of the 21st Century: An Agenda for American Science and Technology, National Academy of Sciences, National Academy of Engineering, Institute of Medicine}},
	Isbn = {9780309187589},
	Publisher = {The National Academies Press},
	Title = {{Rising Above the Gathering Storm: Energizing and Employing America for a Brighter Economic Future}},
	Url = {http://www.nap.edu/openbook.php?record_id=11463},
	Year = {2007},
	Bdsk-Url-1 = {http://www.nap.edu/openbook.php?record_id=11463}}

@booklet{AAAS1881,
	Author = {{American Association for the Advancement of Science}},
	Pages = {1--12},
	Title = {{Report on Committee on Science Teaching in the Public Schools}},
	Year = {1881}}

@article{mclber20,
	Author = {Anna McLoon and Sarah K. Berke},
	Date-Added = {2020-08-16 21:06:20 -0400},
	Date-Modified = {2020-08-16 21:08:54 -0400},
	Journal = {Inside Higher Ed},
	Note = {Published online at \url{https://www.insidehighered.com/views/2020/08/03/lessons-college-has-practiced-having-socially-distant-classes-opinion}},
	Title = {A Dry Run at a Socially Distanced Classroom},
	Year = {2020}}

@misc{jstrack,
	Author = {Luca Demian},
	Date-Added = {2020-08-16 18:54:01 -0400},
	Date-Modified = {2020-08-16 18:56:48 -0400},
	Howpublished = {\url{https://jst.lucademian.com/info/}},
	Note = {{Referenced} 2020-08-16},
	Title = {Motion Tracking Made Simple}}

@misc{glowscript,
	Author = {Ruth Chabay and David Scherer and Bruce Sherwood},
	Date-Added = {2020-08-16 15:07:47 -0400},
	Date-Modified = {2020-08-16 15:26:34 -0400},
	Howpublished = {\url{https://www.glowscript.org}},
	Lastchecked = {2020-08-16},
	Note = {{Referenced} 2020-08-16},
	Title = {Glowscript.org},
	Url = {https://www.glowscript.org},
	Bdsk-Url-1 = {https://www.glowscript.org}}

@unpublished{bro2009,
	Author = {Douglas Brown},
	Date-Added = {2020-08-16 14:18:57 -0400},
	Date-Modified = {2020-08-16 15:25:49 -0400},
	Howpublished = {\url{https://physlets.org/tracker/download/AAPT_video_modeling_2009.pdf}},
	Note = {{American Association of Physics Teachers 2009 Summer Meeting}. Available at \url{https://physlets.org/tracker/download/AAPT_video_modeling_2009.pdf}},
	Title = {Video Modeling with Tracker},
	Url = {https://physlets.org/tracker/download/AAPT_video_modeling_2009.pdf},
	Year = {2009},
	Bdsk-Url-1 = {https://physlets.org/tracker/download/AAPT_video_modeling_2009.pdf}}

@article{schrasetal12,
	Author = {Schneider, Caroline A and Rasband, Wayne S and Eliceiri, Kevin W},
	Date-Added = {2020-08-16 08:41:09 -0400},
	Date-Modified = {2020-08-16 08:45:05 -0400},
	Journal = {Nature Methods},
	Number = {7},
	Pages = {671--675},
	Publisher = {Nature Publishing Group},
	Title = {{NIH} {Image} to {ImageJ}: 25 years of image analysis},
	Volume = {9},
	Year = {2012}}
